2709 4584
475 383 570 414 ‚„.
630 359 677 448 57.
738 375 806 410 -·
914 378 935 468 q
1001 409 1005 417 ,

176 503 293 622 animo
317 518 481 625 dicentis,
517 551 667 634 propter
686 542 948 648 similitudinem
969 543 1124 636 aliquam

72 659 93 770 J
174 672 219 739 ab
235 671 345 743 anera
354 641 397 736 'tn
409 669 558 737 alteram
567 669 694 758 abiam
710 655 819 762 'quoa
828 671 997 758 annuere,
1015 679 1121 762 post..

174 821 280 893 quarn
292 797 417 864 ambae
429 796 637 882 exstiterint,
663 787 880 904 ῥωψῳδὶῧγτί
888 823 951 874 τινι
964 799 1122 889 potuisse

170 945 244 1016 non
265 947 373 1014 nego:
403 923 624 993 inventorem
645 947 732 997 vero
748 935 785 993 et
804 926 987 993 auctorem
1007 916 1120 1014 magis

170 1051 351 1118 conscium
373 1049 437 1118 sibi
455 1071 531 1117 esse
548 1020 711 1140 ‘oportuit
731 1052 866 1120 consilii
880 1047 1119 1120 ostendendae

167 1176 263 1249 Iovis
271 1177 477 1264 calliditatis,
504 1199 611 1267 qnam
627 1187 678 1265 ut,
699 1178 795 1268 quod
808 1179 1021 1270 eliudagens
1034 1200 1119 1244 ma·
1175 1158 1179 1190 ³

167 1302 287 1372 lorum
299 1305 413 1395 tangit
427 1305 616 1395 originem,
645 1313 836 1396 propterea
856 1305 894 1372 in
909 1306 1002 1373 hanc
1014 1304 1117 1372 alte-

119 1481 122 1489 ·
166 1453 246 1500 ram
265 1428 422 1499 fabulam
442 1429 556 1499 delabi
577 1432 742 1522 potuerit
804 1425 921 1519 Quid,
955 1431 1049 1522 quod
1073 1419 1116 1498 ea

168 1559 305 1650 opinio,
329 1566 426 1649 'quae
441 1582 463 1625 a
477 1556 663 1626 Pandorae
681 1558 921 1650 imprudentia
939 1558 1116 1628 malorum

166 1687 338 1777 originem
355 1667 500 1780 repetit,
541 1684 732 1752 excludere
745 1687 965 1754 miseriarum
986 1686 1024 1751 in
1041 1684 1137 1752 dies.
1192 1771 1201 1780 ς
1283 1707 1288 1721 ’

166 1815 399 1880 arescentium
414 1813 661 1927 cogitationem
670 1807 853 1881 ‘videant
871 1811 970 1903 quod
985 1835 1061 1879 una
1075 1811 1119 1896 in,

164 1933 284 2007 menie
296 1939 399 2006 simul
412 1940 567 2007 existere
582 1939 788 2008 ambaenon
795 1936 972 2032 possunt?
999 1933 1115 2008 Ornit-

164 2076 203 2132 to
219 2067 387 2133 orationis
397 2059 678 2137 diversissimum
692 2065 860 2153 colorem,
882 2069 1112 2184 eonspieuum
1202 2072 1205 2076 ’

142 2193 340 2281 ¹manime,
384 2194 432 2280 si,
484 2215 575 2284 quae
601 2192 638 2260 in
664 2202 818 2285 utraque
843 2203 1005 2263 extrema
1029 2201 1114 2261 sunt

163 2319 219 2408 (v
242 2322 401 2410 90-104
421 2330 506 2392 etr
528 2323 630 2408 174-
640 2321 756 2409 201),
780 2323 876 2390 mter
900 2345 938 2391 se
960 2344 1112 2412 compa

160 2473 243 2537 res,
293 2448 576 2539 tranquilliorem
605 2449 674 2516 illic
706 2457 741 2516 et
767 2451 1002 2535 sereniorem,
1033 2445 1111 2514 'hio
1146 2440 1150 2447 ’

160 2576 351 2648 vehemens
366 2575 544 2664 quoddam
563 2575 775 2642 desiderium
790 2585 998 2661 testantem,
1027 2597 1111 2642 oum

160 2725 245 2770 suae
272 2701 395 2768 aetatis
428 2698 616 2788 impatiens
649 2687 693 2766 ad
726 2699 878 2768 aliorum
906 2687 1110 2790 temporum

158 2838 277 2901 mente
287 2833 494 2916 conceptam
506 2823 694 2916 imaginem
708 2824 875 2917 perfugit,
900 2827 960 2895 ubi
972 2800 1108 2902 tantam

158 2959 224 3029 sibi
246 2980 313 3027 nec
334 2952 441 3020 fuisse
461 2953 638 3043 persuasit
660 2975 727 3020 nec
751 2951 910 3022 futuram
927 2977 1004 3022 esse
1021 2962 1105 3021 tur·
1147 2950 1151 2956 ’

155 3085 361 3180 pitudinem.
406 3055 553 3146 'Etenim
576 3079 664 3148 haee
686 3082 724 3147 in
745 3104 852 3148 sensu
869 3079 1024 3170 quodam
1042 3081 1103 3147 ni-

155 3213 220 3282 mis
240 3209 389 3278 delicato
406 3213 442 3274 et
459 3204 666 3288 vulnerabili
679 3207 816 3274 radices
835 3205 944 3274 habet
962 3207 1103 3273 immis-
1160 3288 1163 3295 Ι
1211 3211 1215 3225 ’

155 3359 224 3424 aas,
251 3359 296 3404 ex
310 3358 381 3426 quo
404 3356 530 3405 succus
541 3332 706 3418 haustus,
731 3332 959 3423 singulosque
975 3355 1103 3402 remu·
1198 3386 1201 3394 ,

154 3466 207 3534 los
226 3471 261 3530 et
280 3461 364 3528 folia
379 3470 589 3552 penetrans,
615 3459 702 3526 nihil
721 3481 795 3527 non
819 3458 923 3552 tingit
943 3467 980 3527 et
997 3460 1100 3528 eolo·-

153 3601 211 3660 rat
230 3587 308 3677 ³³),
332 3585 424 3658 Iovis
441 3561 612 3656 attollere
624 3587 852 3680 prudentiam
868 3587 930 3678 qui
946 3586 1099 3684 volebat,

173 3769 232 3845 33)
253 3771 389 3840 Ve1·,e0r
419 3773 458 3826 rte
479 3767 569 3828 nimis
585 3769 765 3850 quibusdam
785 3786 966 3850 exaggerare
984 3766 1098 3839 videar,

254 3872 330 3934 quae
351 3810 389 3912 de'
409 3853 543 3914 sensibus
564 3853 666 3952 verbis¹
687 3853 839 3934 expressi·
865 3862 896 3912 et
923 3870 1015 3930 supra
1035 3847 1117 3910 dis·
