2709 4584
524 447 573 461 ·-
624 382 771 502 67¹}-
839 462 846 473 r

94 637 97 646 ·
172 611 248 660 ram
273 593 423 660 auctoris
442 615 586 661 manum
601 560 849 687 indagandam,
873 605 995 667 tamen
1009 600 1116 671 inda·
1184 644 1189 652 ·

172 720 249 808 gari
266 691 476 798 ubi‘manus,
501 723 569 787 ista
596 732 768 812 nequeat,
819 726 938 822 nescio
972 749 1016 793 an
1048 729 1115 796 alia

142 899 146 906 .
173 844 344 934 qua'edam
372 848 502 915 veritas
527 820 825 938 quaerenda'sit,
868 875 959 942 quae
978 876 1051 921 nou
1071 878 1115 921 eo

167 954 411 1056 contineatur,
451 983 490 1040 ut
519 975 702 1044 vocabuia'
719 978 842 1045 eadem
867 981 954 1066 siut,
993 983 1055 1048 sed
1074 991 1116 1048 ut

172 1098 296 1165 eodem
313 1097 418 1174 morlo
432 1095 622 1190 legentium
637 1099 958 1172 animiaffieiantur.
978 1154 982 1162 ·
1007 1107 1115 1194 Qua-

171 1247 230 1312 re,
257 1227 289 1300 si·
305 1226 339 1292 in
363 1233 537 1312 carmine,
564 1229 661 1317 quod
672 1229 755 1296 satis
770 1230 1113 1300 cohaerereintelli-

172 1354 282 1444 gitur,
317 1353 490 1442 quaetiam
511 1355 745 1424 demonstrari
764 1365 883 1447 partes
907 1370 1050 1446 possent
1070 1359 1118 1426 ab‘

102 1507 106 1512 ·
173 1481 240 1548 alio
262 1503 340 1573 csse
359 1479 493 1565 illatae,
518 1481 580 1548 sed
599 1506 662 1550 eae
682 1484 727 1550 ad
749 1493 863 1551 totum
881 1488 1115 1575 necessariae,

171 1593 244 1676 non
261 1608 372 1697 magis
388 1631 446 1674 eas
461 1607 537 1674 eiici
553 1608 677 1695 velles,
705 1633 811 1699 quam
832 1614 902 1700 pro
915 1620 1031 1677 statua
1052 1613 1115 1676 s'a-

171 1733 417 1804 tis'tcommode
433 1736 631 1804 instaurata
649 1729 928 1826 fragmentorum
940 1759 1116 1826 aceruum

128 1839 133 1861 ⁸
170 1861 331 1947 videre,‘
357 1860 519 1928 detractis
550 1884 640 1950 quae
673 1862 914 1930 deficientibus
951 1863 1115 1928 membris
1160 1860 1162 1863 ’
1226 1950 1231 1960 .

172 1989 349 2084 substituit
369 1989 543 2076 posterior
568 1987 707 2056 artifex.
781 1990 879 2055 Idem
893 1991 931 2081 ,si
952 1978 1115 2078 copulata

170 2115 308 2185 videres
327 2115 425 2203 signa
445 2135 519 2178 non
542 2116 793 2203 congruentia,
828 2117 858 2183 si
877 2125 1004 2182 trunco
1025 2114 1116 2184 virili

170 2239 342 2340 muliebre
366 2241 568 2330 impositum
588 2252 713 2331 eaput,
731 2243 867 2323 ¹malles
891 2267 933 2309 ea
954 2244 1012 2312 vel
1035 2265 1115 2310 cum

172 2349 301 2436 erroris
315 2369 526 2460 pericuio'ad
541 2369 780 2443 coniecturam
796 2370 839 2436 de
856 2372 1008 2436 auctoris
1023 2392 1115 2462 conv
1160 2408 1163 2420 ι

114 2523 116 2531 ¹
171 2496 247 2562 silio
271 2505 408 2584 captam
435 2498 628 2588 composita
646 2519 739 2582 esse,
767 2484 874 2584 quam
890 2497 998 2564 talem
1010 2484 1116 2564 ¹facile
1170 2550 1173 2555 .

170 2619 331 2713 perferre
353 2621 567 2710 adspectum.
619 2620 746 2716 Similis
770 2623 967 2707 carminum
981 2622 1117 2693 Hesio-.-
1139 2683 1142 2692 .

171 2749 319 2816 deorum
343 2748 434 2814 ratio
458 2757 519 2818 est.
593 2747 642 2818 Et
665 2747 733 2814 hoc
760 2749 866 2816 etiam
885 2748 1027 2814 nomine
1049 2763 1145 2817 ve-‘

171 2875 266 2943 niam
285 2871 433 2940 fortasse
460 2860 706 2966 impetrarem,
747 2875 843 2965 quod
865 2875 909 2941 ad
930 2874 1116 2966 explicam„

172 3003 253 3073 dam
267 3001 474 3070 sententiam
495 3024 568 3072 non
587 3003 702 3070 miuus
715 3002 801 3071 mihi
815 2982 1041 3071 tribuendum
1057 3003 1116 3093 vi-¹
1197 3081 1200 3088 Ι

172 3129 334 3214 deretur,
361 3149 466 3216 quam
487 3128 653 3196 tribuitur
666 3131 726 3214 iis,
752 3130 835 3217 qui,
861 3152 940 3195 cum
958 3114 1118 3226 edenti-
1178 3152 1184 3173 r

172 3277 278 3345 quam
290 3254 442 3345 regionis
462 3248 605 3322 alieuius
626 3255 776 3345 speciem
790 3253 1037 3320 illustrandam
1055 3239 1116 3319 ta-

170 3359 546 3486 bulasUgeographieas
575 3388 811 3471 componunt,
850 3381 888 3447 in
907 3379 1026 3447 multis
1047 3403 1118 3448 ne«-

173 3531 268 3578 oesse
285 3517 337 3576 est
351 3511 588 3578 coniecturam
598 3516 805 3598 sequantur.
854 3506 923 3574 Sed
936 3507 1118 3598 prohibuit
1186 3561 1199 3580 ‚

84 3663 87 3670 ·
172 3661 229 3704 me
241 3637 368 3727 partim
385 3635 479 3725 quod
493 3635 679 3707 ridiculum
695 3634 893 3721 videbatur,
920 3657 999 3703 cum
1020 3633 1118 3700 mul-

172 3766 226 3837 tisx
246 3765 362 3834 adhuc
387 3764 477 3832 vitiis
509 3773 628 3831 textus
652 3761 815 3852 vulgatus
835 3769 990 3845 scateat,
1026 3782 1117 3849 quae

174 3891 316 3986 quidem
332 3889 478 3960 tollendi
492 3891 521 3958 si
539 3885 694 3960 facultas
702 3898 811 3978 esset,
836 3865 990 3958 subsidia
1009 3887 1117 3957 dees-
