2709 4584
484 305 832 388 ’-·56’-

242 519 244 525 ’
292 500 330 572 Si
344 521 412 594 pro
425 519 498 570 uno
516 507 552 570 et
570 508 647 570 toto
665 497 868 569 habendum
881 506 952 586 est,
978 496 1076 588 quod
1094 516 1177 597 rem!

218 628 439 722 propositam
453 629 503 696 ita
521 627 565 696 ab
580 628 743 698 omnibus
764 625 924 718 partibus
938 618 1108 708 absolvit,
1131 631 1175 690 ut

220 752 296 824 eins
311 752 547 850 absolvendae
561 753 746 826 consilinm
754 773 828 831 non
843 753 988 844 agnosci
996 772 1070 820 non
1083 767 1176 842 posu·

120 871 123 893 ⁵
219 881 281 950 sit:
315 880 491 972 quidest,
518 879 614 974 quod
629 879 968 972 tnagishebendum
986 871 1175 948 videatur?

220 1003 391 1083 Ordoest
403 1007 681 1105 simplicissimus
703 1031 745 1075 ao
763 1007 859 1092 talis,
885 1005 1028 1096 qualem
1045 1009 1174 1072 natura

154 1167 158 1182 ·
219 1132 298 1226 ipse
311 1133 525 1227 praebuerit
574 1132 727 1232 Duobus
735 1132 1020 1226 tantuminloeis
1036 1138 1072 1200 te
1083 1151 1174 1222 gra-

221 1260 299 1332 vius
325 1257 545 1330 offensurum
576 1283 653 1329 esse
679 1261 853 1348 arbitror3
904 1281 1057 1350 qnorum
1085 1256 1176 1325 alter

221 1393 361 1454 constat
384 1387 544 1456 versibus
562 1375 640 1474 '507
652 1427 675 1440 -
687 1387 781 1468 555,
815 1385 1108 1477 interpolatorem
1125 1383 1176 1450 sie

171 1507 174 1518 '
220 1510 486 1600 redolentibus,
534 1523 574 1582 ut
597 1512 684 1580 nihil
709 1535 827 1603 supra
884 1511 996 1582 ,Vnde
1019 1511 1176 1581 ieiunam

221 1637 318 1709 illam
332 1637 471 1708 Boreae
481 1638 767 1730 descriptionem,
792 1614 912 1710 rte-sot
926 1647 963 1708 et
978 1661 1076 1729 seqq.
1100 1634 1175 1728 *ῆς

223 1763 305 1837 vids
316 1763 580 1836 insulsissimam
595 1766 691 1836 illam
710 1787 833 1836 earum
845 1789 969 1836 rerum
980 1786 1177 1834 enumera-
1263 1839 1266 1846 ,

224 1891 371 1979 tionem,
397 1915 488 1985 quoe
503 1903 610 1965 vento
626 1871 699 1962 non
714 1893 928 1986 perdentur,
955 1918 987 1965 v.
1005 1895 1175 1964 sis-522

225 2016 335 2109 (inter
348 2041 435 2110 quas
447 2021 559 2090 miror
573 2028 788 2106 memoratos
805 2043 879 2088 non
892 2029 969 2088 es‘se
978 2019 1056 2088 illos
1063 2011 1179 2110 Ulys-

224 2145 272 2215 sis
288 2141 463 2242 θάμνους,
489 2146 569 2227 rods
585 2149 644 2244 μὲν
664 2140 719 2248 dq’
742 2139 811 2231 ὥτ’
829 2145 960 2245 ἀνέμων
981 2135 1066 2226 lade
1084 2149 1180 2242 μένος

226 2268 329 2374 ὖγςδν
348 2271 485 2363 alimen,
511 2271 626 2350 Od-s.
656 2274 764 2362 478);
790 2274 870 2345 vide
887 2275 988 2345 illum
1001 2297 1047 2341 ex
1062 2271 1181 2341 Oedi-

226 2397 329 2494 podis
352 2401 548 2492 aenigmate
570 2390 717 2502 τρίποδα
743 2396 886 2503 (deerit,
911 2416 952 2472 νῷ
966 2372 1049 2470 55'5.
1097 2396 1182 2503 Non

227 2524 344 2601 minus
360 2525 446 2596 mihi
456 2527 545 2632 liaeo
562 2528 685 2622 inepta
703 2527 886 2614 videntur,
912 2550 1020 2618 quam
1033 2535 1182 2625 propter

230 2674 323 2745 quae
336 2677 493 2740 summus
507 2653 743 2726 Ruhnkenius
755 2645 925 2746 iugulavit
938 2679 974 2726 r.
992 2654 1158 2726 546-551
1172 2677 1182 2741 ς

231 2780 291 2872 qui
311 2781 450 2872 longius
466 2781 615 2852 fortasse
628 2792 776 2852 monent
788 2781 1048 2850 extendendam
1063 2780 1183 2872 suspi-
1263 2792 1269 2801 ·

233 2905 382 2998 cionem.
432 2903 535 2976 Alter
554 2916 607 2976 est
624 2931 645 2974 a
664 2932 697 2979 v.
716 2907 785 2977 651
803 2907 849 2976 ad
861 2907 954 2995 662,
987 2929 1077 2999 quos
1095 2928 1184 2977 ver-

233 3053 291 3100 sus
308 3031 358 3101 ita
381 3032 468 3101 mihi
486 3053 698 3129 persuasum
717 3043 772 3102 est
787 3055 861 3102 non
875 3058 952 3104 esse
970 3032 1185 3104 recensionis
1283 3093 1289 3102 .

233 3170 395 3247 nostrae,
420 3170 461 3227 ut
481 3160 518 3232 in
540 3171 749 3256 argumento
763 3161 977 3255 exponendo
989 3162 1187 3252 respicien-

322 3331 404 3380 ⁸sam
428 3313 559 3386 rectius,
589 3313 699 3385 eredo,
727 3311 799 3372 inde
816 3322 1000 3392 repetemus,
1030 3310 1113 3390 quod
1134 3317 1189 3375 aut

339 3395 419 3453 nihil
437 3405 503 3456 tum
521 3407 677 3473 praeterea
695 3407 771 3455 esset
787 3405 1018 3473 praeceptorum
1031 3393 1121 3452 valde
1139 3393 1192 3451 in-

341 3477 462 3554 digens,
484 3489 537 3538 ortt
556 3481 641 3538 nulla
657 3479 770 3559 ulia-in
789 3499 822 3535 re
844 3477 973 3538 tenenda
992 3490 1135 3538 versuum
1158 3484 1191 3532 et

342 3565 463 3620 numeri
485 3563 601 3622 anxilio
622 3561 665 3620 ita
684 3582 760 3639 opus
783 3571 859 3618 esset
878 3562 1056 3634 memoriae,
1099 3579 1191 3638 qnam

340 3645 561 3722 quodpropter
576 3647 685 3704 Persae
697 3645 850 3720 ingenium
864 3645 1044 3706 dissolutum
1058 3643 1192 3707 ordinia-

343 3747 403 3806 quo
418 3728 571 3805 negligens
583 3725 642 3785 hoc
657 3728 698 3786 ita
710 3727 777 3785 fieri
792 3748 911 3791 neeesse
924 3729 1027 3792 fuerit.

262 3807 320 3886 45)
343 3809 433 3876 Conf.
456 3814 538 3872 Sunt.
561 3813 654 3874 Hero.
675 3832 707 3872 v.
725 3809 796 3892 376.

629 4314 633 4337 l
